<record><leader>00000cas a2200000 a 4500</leader><controlfield tag="001">21886020</controlfield><controlfield tag="008">900619d18961897iluwr ne      0    0eng c</controlfield><datafield ind1=" " ind2=" " tag="010"><subfield code="a">sn 90054936 </subfield></datafield><datafield ind1=" " ind2=" " tag="040"><subfield code="a">NVF</subfield><subfield code="b">eng</subfield><subfield code="c">NVF</subfield><subfield code="d">OCLCQ</subfield><subfield code="d">NVF</subfield><subfield code="d">OCLCQ</subfield><subfield code="d">OCLCF</subfield><subfield code="d">OCLCO</subfield></datafield><datafield ind1="1" ind2=" " tag="029"><subfield code="a">AU@</subfield><subfield code="b">000025867061</subfield></datafield><datafield ind1=" " ind2=" " tag="042"><subfield code="a">pcc</subfield></datafield><datafield ind1=" " ind2=" " tag="043"><subfield code="a">n-us-il</subfield></datafield><datafield ind1="0" ind2=" " tag="130"><subfield code="a">Newman independent (Newman, Ill. : 1896)</subfield></datafield><datafield ind1="1" ind2="0" tag="245"><subfield code="a">Newman independent.</subfield></datafield><datafield ind1=" " ind2=" " tag="260"><subfield code="a">Newman, Ill. :</subfield><subfield code="b">M.S. Smith,</subfield><subfield code="c">1896-1897.</subfield></datafield><datafield ind1=" " ind2=" " tag="300"><subfield code="a">v.</subfield></datafield><datafield ind1=" " ind2=" " tag="310"><subfield code="a">Weekly</subfield></datafield><datafield ind1="0" ind2=" " tag="362"><subfield code="a">Vol. 22, no. 10 (Apr. 17, 1896)-v. 23, no. 30 (Sept. 17, 1897).</subfield></datafield><datafield ind1=" " ind2=" " tag="515"><subfield code="a">Continues the numbering of Independent (Newman, Ill. : 1894).</subfield></datafield><datafield ind1=" " ind2="0" tag="651"><subfield code="a">Newman (Ill.)</subfield><subfield code="v">Newspapers.</subfield></datafield><datafield ind1=" " ind2="7" tag="655"><subfield code="a">Newspapers.</subfield><subfield code="2">fast</subfield><subfield code="0">(OCoLC)fst01423814</subfield></datafield><datafield ind1=" " ind2="7" tag="651"><subfield code="a">Illinois</subfield><subfield code="z">Newman.</subfield><subfield code="2">fast</subfield><subfield code="0">(OCoLC)fst01870645</subfield></datafield><datafield ind1=" " ind2=" " tag="752"><subfield code="a">United States</subfield><subfield code="b">Illinois</subfield><subfield code="c">Douglas</subfield><subfield code="d">Newman.</subfield></datafield><datafield ind1="0" ind2=" " tag="775"><subfield code="t">Newman daily independent</subfield><subfield code="w">(DLC)sn 90054937</subfield><subfield code="w">(OCoLC)21886074</subfield></datafield><datafield ind1="0" ind2="0" tag="780"><subfield code="t">Independent (Newman, Ill. : 1894)</subfield><subfield code="w">(DLC)sn 90054935</subfield><subfield code="w">(OCoLC)21885961</subfield></datafield><datafield ind1="0" ind2="0" tag="785"><subfield code="t">Newman weekly independent</subfield><subfield code="w">(DLC)sn 90054938</subfield><subfield code="w">(OCoLC)21886120</subfield></datafield></record>